<?xml version="1.0" encoding="UTF-8"?><collection xmlns="http://www.loc.gov/MARC21/slim"><record><leader>00419nam--2200121-i-4500</leader><controlfield tag="001">000006821</controlfield><controlfield tag="002">20161230</controlfield><controlfield tag="005">20161230201027</controlfield><controlfield tag="008">060222s1000------------r-----000-0-eng-d</controlfield><datafield ind1=" " ind2=" " tag="100"><subfield code="a">Butler, James Newton</subfield></datafield><datafield ind1=" " ind2=" " tag="245"><subfield code="a">Solubility and ph calculations. the mathematic s of the simplest ionic equilibria</subfield></datafield><datafield ind1=" " ind2=" " tag="260"><subfield code="a">Reading/Mass., Addison-wesley Publ.Co.Inc., 1964</subfield></datafield><datafield ind1=" " ind2=" " tag="490"><subfield code="a">Addison-wesley Series In The Principles Of Che Mistry</subfield></datafield></record></collection>